@BOOK{ausHAI,
	author  	= {Australian Institute of Health and Welfare},
    title   	= {Australian hospital statistics 2012--13: \textit{Staphylococcusaureus bacteraemia} in Australian public hospitals},
    publisher	= {Canberra: AIHW},
    year		= {2013},
    series		= {Health Services Series No. 53},
    note		= {Cat. no. HSE 144.}
}

@ARTICLE{airTrans,
	author		= {Eames, I and JW,Tang and Y,Li and P,Wilson},
    title		= {Airborne transmission of disease in hospitals},
    journal		= {Journal of the Royal Society},
    year		= {2009},
    volume		= {6},
    pages		= {697--702},
    number		= {Suppl 6},
    publisher	= {The Royal Society}
}

@ARTICLE{WHOHAI,
  title			= {Prevention of hospital acquired infections: a practical guide.},
  author		= {Ducel, G and Fabry, J and Nicolle, L and others},
  journal		= {Prevention of hospital acquired infections: a practical guide},
  number		= {Ed. 2},
  year			= {2002},
  publisher		= {World Health Organization}
}

@ARTICLE{infectionCF,
	author		= {Saiman, Lisa and Siegel, Jane},
    title		= {Infection Control in Cystic Fibrosis},
    journal		= {Clinical Microbiology Reviews},
    year		= {2004},
    month		= {January},
    volume		= {17},
    pages		= {57--71},
    number		= {1},
    publisher	= {American Society for Microbiology}
}

@ARTICLE{OSullivan20091891,
	title		= "Cystic fibrosis ",
	journal 	= "The Lancet ",
	volume 		= "373",
	number 		= "9678",
	pages 		= "1891 -- 1904",
	year 		= "2009",
	author 		= "Brian P O'Sullivan and Steven D Freedman",
}


@ARTICLE{flume2007cystic,
  	title		= {Cystic fibrosis pulmonary guidelines: chronic medications for maintenance of lung health},
  	author		= {Flume, Patrick A and O'Sullivan, Brian P and Robinson, Karen A and Goss, Christopher H and Mogayzel Jr, Peter J and Willey-Courand, Donna Beth and Bujan, Janet and Finder, Jonathan and Lester, Mary and Quittell, Lynne and others},
  	journal		= {American journal of respiratory and critical care medicine},
  	volume		= {176},
  	number		= {10},
  	pages		= {957--969},
  	year		= {2007},
  	publisher	=	{Am Thoracic Soc}
}

@article{govan1993evidence,
  	title		= {Evidence for transmission of Pseudomonas cepacia by social contact in cystic fibrosis},
  	author		= {Govan, JRW and Doherty, CJ and Nelson, JW and Brown, PH and Greening, AP and Maddison, J and Dodd, M and Webb, AK},
  	journal		= {The Lancet},
  	volume		= {342},
  	number		= {8862},
  	pages		= {15--19},
  	year		= {1993},
  	publisher	= {Elsevier}
}

@article{cheng1996spread,
  	title		= {Spread of $\beta$-lactam-resistant Pseudomonas aeruginosa in a cystic fibrosis clinic},
  	author		= {Cheng, Katharine and Smyth, Rosalind L and Govan, John RW and Doherty, Catherine and Winstanley, Craig and Denning, Nessa and Heaf, David P and van Saene, Hendrik and Hart, C Anthony},
  	journal		= {The Lancet},
  	volume		= {348},
  	number		= {9028},
  	pages		= {639--642},
  	year		= {1996},
  	publisher	= {Elsevier}
}

@article{webster2002analyzing,
  title={Analyzing the past to prepare for the future: Writing a literature review},
  author={Webster, Jane and Watson, Richard T},
  journal={Management Information Systems Quarterly},
  volume={26},
  number={2},
  pages={3},
  year={2002}
}

@article{orwat2008towards,
  title={Towards pervasive computing in health care--A literature review},
  author={Orwat, Carsten and Graefe, Andreas and Faulwasser, Timm},
  journal={BMC Medical Informatics and Decision Making},
  volume={8},
  number={1},
  pages={26},
  year={2008},
  publisher={BioMed Central Ltd}
}

@article{boulos2012real,
  title={Real-time locating systems (RTLS) in healthcare: a condensed primer},
  author={Boulos, Maged N Kamel and Berry, Geoff},
  journal={International journal of health geographics},
  volume={11},
  number={1},
  pages={25},
  year={2012},
  publisher={BioMed Central}
}

@article{cobbley2011easing,
  title={Easing patient flow. How an RTLS solution can help ES efficiency.},
  author={Cobbley, Barry},
  journal={Health facilities management},
  volume={24},
  number={12},
  pages={43--4},
  year={2011}
}

@book{malik2009rtls,
  title={RTLS for Dummies},
  author={Malik, Ajay},
  year={2009},
  publisher={John Wiley \& Sons}
}

@article{drazen2011using,
  title={Using tracking tools to improve patient flow in hospitals. Issue brief},
  author={Drazen, E and Rhoads, J},
  journal={California HealthCare Foundation},
  volume={4},
  number={1},
  year={2011}
}

@article{stahl2011measuring,
  title={Measuring process change in primary care using real-time location systems: feasibility and the results of a natural experiment},
  author={Stahl, James E and Drew, Mark A and Leone, Donna and Crowley, Rosemary S},
  journal={Technology and Health Care},
  volume={19},
  number={6},
  pages={415--421},
  year={2011},
  publisher={IOS Press, Nieuwe Hemweg 6 B Amsterdam 1013 BG Netherlands}
}

@article{laskowski2012rtls,
  title={RTLS solves patient-tracking emergency.},
  author={Laskowski-Jones, L},
  journal={Health management technology},
  volume={33},
  number={3},
  pages={24--25},
  year={2012}
}

@ARTICLE{Dsouza2011emergency, 
author={D'Souza, I. and Wei Ma and Notobartolo, C.}, 
journal={IT Professional}, 
title={Real-Time Location Systems for Hospital Emergency Response}, 
year={2011}, 
volume={13}, 
number={2}, 
pages={37-43}, 
keywords={biomedical communication;disasters;navigation;RTLS;disaster;hospital emergency response;real-time location systems;Disaster management;Hospitals;IEEE 802.11 Standards;Interference;Radio frequency;Real time systems;Surges;Wireless LAN;RTLS;Real-Time Location System;active RFID;asset tracking;disaster response;emergency response;information technology;patient tracking;process improvement}, 
doi={10.1109/MITP.2011.31}, 
ISSN={1520-9202}, 
month={March},}

@INPROCEEDINGS{mainetti2014Indoorlit, 
author={Mainetti, L. and Patrono, L. and Sergi, I.}, 
booktitle={Software, Telecommunications and Computer Networks (SoftCOM), 2014 22nd International Conference on}, 
title={A survey on indoor positioning systems}, 
year={2014}, 
pages={111-120}, 
keywords={indoor radio;radiofrequency identification;RFID;indoor animal tracking;indoor localization systems;indoor positioning systems;Accuracy;Bluetooth;Cameras;Indoor environments;Radiofrequency identification;Receivers;Wireless LAN;Animal tracking;Indoor localization systems;RFID}, 
doi={10.1109/SOFTCOM.2014.7039067}, 
month={Sept},}

@article{fallah2013indoor,
  title={Indoor human navigation systems: A survey},
  author={Fallah, Navid and Apostolopoulos, Ilias and Bekris, Kostas and Folmer, Eelke},
  journal={Interacting with Computers},
  volume={25},
  number={1},
  pages={21--33},
  year={2013},
  publisher={Oxford University Press}
}

@INPROCEEDINGS{sri2008SocialNEt, 
author={Srivastava, J.}, 
booktitle={Intelligence and Security Informatics, 2008. ISI 2008. IEEE International Conference on}, 
title={Data mining for social network analysis}, 
year={2008}, 
pages={xxxiii-xxxiv}, 
keywords={data mining;information networks;data mining;email networks;multiplayer online games;organizational dynamics;product marketing;search engines;social network analysis;social structure;socio-cognitive analysis;Biographies;Councils;Data analysis;Data mining;Intersymbol interference;Marketing management;Research and development;Search engines;Social network services;US Government}, 
doi={10.1109/ISI.2008.4565015}, 
month={June},}

@article{christley2005infection,
  title={Infection in social networks: using network analysis to identify high-risk individuals},
  author={Christley, Robert M and Pinchbeck, GL and Bowers, RG and Clancy, D and French, NP and Bennett, R and Turner, J},
  journal={American journal of epidemiology},
  volume={162},
  number={10},
  pages={1024--1031},
  year={2005},
  publisher={Oxford Univ Press}
}

@ARTICLE{harle2013PIndoor, 
author={Harle, R.}, 
journal={Communications Surveys Tutorials, IEEE}, 
title={A Survey of Indoor Inertial Positioning Systems for Pedestrians}, 
year={2013}, 
volume={15}, 
number={3}, 
pages={1281-1293}, 
keywords={inertial navigation;particle filtering (numerical methods);position control;sensors;smart phones;target tracking;PDR sensing devices;PDR systems;Pedestrian Dead Reckoning;absolute position fixes;domain-specific knowledge;hybrid systems;indoor inertial positioning systems;indoor tracking;particle filters;smartphones;taxonomy;Dead reckoning;Legged locomotion;Navigation;Sensor systems;Wearable computers;Dead Reckoning;Inertial Navigation;Particle Filters;Wearable Computers}, 
doi={10.1109/SURV.2012.121912.00075}, 
ISSN={1553-877X}, 
month={March},}

@INPROCEEDINGS{wu2007pathplan, 
author={Hua Wu and Marshall, A. and Yu, W.}, 
booktitle={Internet Monitoring and Protection, 2007. ICIMP 2007. Second International Conference on}, 
title={Path Planning and Following Algorithms in an Indoor Navigation Model for Visually Impaired}, 
year={2007}, 
pages={38-38}, 
keywords={graph theory;handicapped aids;navigation;path planning;tree data structures;A* algorithm;Dijkstras shortest path algorithm;blind/visually impaired;cactus tree data structure;indoor navigational assistance model;intelligent map;path planning;virtual hand rails path;visibility graph;Buildings;Global Positioning System;Hazards;Human factors;Indoor environments;Intelligent sensors;Legged locomotion;Navigation;Path planning;Wireless sensor networks;indoor navigation visually impaired;intelligent map;path following;path planning}, 
doi={10.1109/ICIMP.2007.31}, 
month={July},}

@article{weinberg2002using,
  title={Using the ADXL202 in pedometer and personal navigation applications},
  author={Weinberg, Harvey},
  journal={Analog Devices AN-602 application note},
  year={2002}
}

@misc{levi1996dead,
  title={Dead reckoning navigational system using accelerometer to measure foot impacts},
  author={Levi, Robert W and Judd, Thomas},
  year={1996},
  month=dec # "~10",
  publisher={Google Patents},
  note={US Patent 5,583,776}
}

@inproceedings{goyal2011strap,
  title={Strap-down pedestrian dead-reckoning system},
  author={Goyal, Pragun and Ribeiro, Vinay J and Saran, Huzur and Kumar, Anshul},
  booktitle={Indoor Positioning and Indoor Navigation (IPIN), 2011 International Conference on},
  pages={1--7},
  year={2011},
  organization={IEEE}
}

@inproceedings{ying2007automatic,
  title={Automatic step detection in the accelerometer signal},
  author={Ying, Hong and Silex, Carmen and Schnitzer, Andreas and Leonhardt, Steffen and Schiek, Michael},
  booktitle={4th International Workshop on Wearable and Implantable Body Sensor Networks (BSN 2007)},
  pages={80--85},
  year={2007},
  organization={Springer}
}

@article{zhao2010full,
  title={Full-featured pedometer design realized with 3-Axis digital accelerometer},
  author={Zhao, Neil},
  journal={Analog Dialogue},
  volume={44},
  number={06},
  year={2010}
}

@inproceedings{willis2005rfid,
  title={RFID information grid and wearable computing solution to the problem of wayfinding for the blind user in a campus environment},
  author={Willis, Scooter and Helal, Sumi},
  booktitle={IEEE International Symposium on Wearable Computers (ISWC 05)},
  year={2005},
  organization={Citeseer}
}

@book{zheng2010smart,
  title={Smart phone and next generation mobile computing},
  author={Zheng, Pei and Ni, Lionel},
  year={2010},
  publisher={Morgan Kaufmann}
}

@inproceedings{mautz2011survey,
  title={Survey of optical indoor positioning systems},
  author={Mautz, Rainer and Tilch, Sebastian},
  booktitle={Indoor Positioning and Indoor Navigation (IPIN), 2011 International Conference on},
  pages={1--7},
  year={2011},
  organization={IEEE}
}

@article{martone1992incidence,
  title={Incidence and nature of endemic and epidemic nosocomial infections},
  author={Martone, WJ and Jarvis, WR and Culver, DH and Haley, RW},
  journal={Hospital Infections. 3rd ed. Boston: Little, Brown and Co},
  pages={577--96},
  year={1992}
}

@article{plowman2001rate,
  title={The rate and cost of hospital-acquired infections occurring in patients admitted to selected specialties of a district general hospital in England and the national burden imposed},
  author={Plowman, R and Graves, N and Griffin, MAS and Roberts, JA and Swan, AV and Cookson, B and Taylor, L},
  journal={Journal of hospital infection},
  volume={47},
  number={3},
  pages={198--209},
  year={2001},
  publisher={Elsevier}
}